<?xml version="1.0" encoding="UTF-8"?><collection xmlns="http://www.loc.gov/MARC21/slim"><record><leader>00498nam--2200169-i-4500</leader><controlfield tag="001">000045976</controlfield><controlfield tag="002">20161230</controlfield><controlfield tag="005">20161230201045</controlfield><controlfield tag="008">060222s1000------------r-----000-0-eng-d</controlfield><datafield ind1=" " ind2=" " tag="040"><subfield code="a">IFIN-HH</subfield></datafield><datafield ind1=" " ind2=" " tag="080"><subfield code="a">539.196.6(043)</subfield></datafield><datafield ind1="1" ind2=" " tag="100"><subfield code="a">Van Asselt, N.P.F.B</subfield></datafield><datafield ind1="1" ind2="0" tag="245"><subfield code="a">Dissociation of diatomic molecules involving two electronic states</subfield><subfield code="b">These</subfield><subfield code="c">N.p.f.b. van asselt</subfield></datafield><datafield ind1=" " ind2=" " tag="260"><subfield code="a">Hilversum</subfield><subfield code="b">Universitat Van Amsterdam</subfield><subfield code="c">1976</subfield></datafield><datafield ind1=" " ind2=" " tag="300"><subfield code="a">85P</subfield></datafield><datafield ind1=" " ind2=" " tag="852"><subfield code="a">44791</subfield><subfield code="c">539.19</subfield></datafield><datafield ind1=" " ind2=" " tag="CAT"><subfield code="a">Sys</subfield><subfield code="c">20120716</subfield><subfield code="h">130820</subfield></datafield></record></collection>